<record><leader>00000cas a22000007a 4500</leader><controlfield tag="001">13043353</controlfield><controlfield tag="008">860121d183918uupauwr ne      0    0eng d</controlfield><datafield ind1=" " ind2=" " tag="010"><subfield code="a">sn 86081019 </subfield></datafield><datafield ind1=" " ind2=" " tag="040"><subfield code="a">NPH</subfield><subfield code="b">eng</subfield><subfield code="c">NPH</subfield><subfield code="d">NPX</subfield><subfield code="d">OCLCQ</subfield></datafield><datafield ind1=" " ind2=" " tag="042"><subfield code="a">msc</subfield></datafield><datafield ind1="0" ind2="4" tag="245"><subfield code="a">The Pittsburgh Saturday visiter, and galaxy of western literature and science.</subfield></datafield><datafield ind1="3" ind2="0" tag="246"><subfield code="a">Pittsburgh Saturday visitor, and galaxy of western literature and science</subfield></datafield><datafield ind1="3" ind2="0" tag="246"><subfield code="a">Pittsburgh Saturday visiter</subfield></datafield><datafield ind1=" " ind2=" " tag="260"><subfield code="a">Pittsburgh, Pa. :</subfield><subfield code="b">E.B. Fisher &amp; Co.,</subfield><subfield code="c">1839-</subfield></datafield><datafield ind1=" " ind2=" " tag="300"><subfield code="a">v. ;</subfield><subfield code="c">59 cm.</subfield></datafield><datafield ind1=" " ind2=" " tag="310"><subfield code="a">Weekly</subfield></datafield><datafield ind1="0" ind2=" " tag="362"><subfield code="a">Vol. 6, no. 1 (July 20, 1839)- = whole no. 262-</subfield></datafield><datafield ind1=" " ind2=" " tag="500"><subfield code="a">Publisher: Wilson F. Stewart, &lt;Feb. 29, 1840&gt;.</subfield></datafield><datafield ind1=" " ind2=" " tag="525"><subfield code="a">Supplements issued quarterly.</subfield></datafield><datafield ind1=" " ind2=" " tag="752"><subfield code="a">United States</subfield><subfield code="b">Pennsylvania</subfield><subfield code="c">Allegheny</subfield><subfield code="d">Pittsburgh.</subfield></datafield><datafield ind1="0" ind2="0" tag="780"><subfield code="t">Pittsburgh Saturday evening visiter and galaxy of western literature and science</subfield><subfield code="w">(DLC)sn 85038387</subfield></datafield></record>